%%%%%%%%%%%%%%%%% Latent Bandits

@article{sen2016contextual,
  title={Contextual bandits with latent confounders: An nmf approach},
  author={Sen, Rajat and Shanmugam, Karthikeyan and Kocaoglu, Murat and Dimakis, Alexandros G and Shakkottai, Sanjay},
  journal={arXiv preprint arXiv:1606.00119},
  year={2016}
}

@inproceedings{maillard2014latent,
  title={Latent Bandits.},
  author={Maillard, Odalric-Ambrym and Mannor, Shie},
  booktitle={International Conference on Machine Learning},
  pages={136--144},
  year={2014}
}

@article{anandkumar2014tensor,
  title={Tensor decompositions for learning latent variable models},
  author={Anandkumar, Animashree and Ge, Rong and Hsu, Daniel and Kakade, Sham M and Telgarsky, Matus},
  journal={The Journal of Machine Learning Research},
  volume={15},
  number={1},
  pages={2773--2832},
  year={2014},
  publisher={JMLR. org}
}

@article{DBLP:journals/corr/GopalanMZ16,
  author    = {Aditya Gopalan and
               Odalric{-}Ambrym Maillard and
               Mohammadi Zaki},
  title     = {Low-rank Bandits with Latent Mixtures},
  journal   = {CoRR},
  volume    = {abs/1609.01508},
  year      = {2016},
  url       = {http://arxiv.org/abs/1609.01508},
  archivePrefix = {arXiv},
  eprint    = {1609.01508},
  timestamp = {Mon, 13 Aug 2018 16:47:32 +0200},
  biburl    = {https://dblp.org/rec/bib/journals/corr/GopalanMZ16},
  bibsource = {dblp computer science bibliography, https://dblp.org}
}

@article{gopalan2016low,
  title={Low-rank Bandits with Latent Mixtures},
  author={Gopalan, Aditya and Maillard, Odalric{-}Ambrym and Zaki, Mohammadi},
  journal={arXiv preprint arXiv:1609.01508},
  year={2016}
}


@article{zhou2016latent,
  title={Latent contextual bandits and their application to personalized recommendations for new users},
  author={Zhou, Li and Brunskill, Emma},
  journal={arXiv preprint arXiv:1604.06743},
  year={2016}
}

%%%%%%%%%%%%%%%%%%%%%%%%%% Ranking Bandits

@inproceedings{carbonell1998use,
  title={The use of MMR, diversity-based reranking for reordering documents and producing summaries},
  author={Carbonell, Jaime and Goldstein, Jade},
  booktitle={Proceedings of the 21st annual international ACM SIGIR conference on Research and development in information retrieval},
  pages={335--336},
  year={1998},
  organization={ACM}
}

@article{goldberg2001eigentaste,
  title={Eigentaste: A constant time collaborative filtering algorithm},
  author={Goldberg, Ken and Roeder, Theresa and Gupta, Dhruv and Perkins, Chris},
  journal={information retrieval},
  volume={4},
  number={2},
  pages={133--151},
  year={2001},
  publisher={Springer}
}

@article{slivkins2013ranked,
  title={Ranked bandits in metric spaces: learning diverse rankings over large document collections},
  author={Slivkins, Aleksandrs and Radlinski, Filip and Gollapudi, Sreenivas},
  journal={Journal of Machine Learning Research},
  volume={14},
  number={Feb},
  pages={399--436},
  year={2013}
}

@article{slivkins2010ranked,
  title={Ranked bandits in metric spaces: learning optimally diverse rankings over large document collections},
  author={Slivkins, Aleksandrs and Radlinski, Filip and Gollapudi, Sreenivas},
  journal={arXiv preprint arXiv:1005.5197},
  year={2010}
}

@inproceedings{radlinski2008learning,
  title={Learning diverse rankings with multi-armed bandits},
  author={Radlinski, Filip and Kleinberg, Robert and Joachims, Thorsten},
  booktitle={Proceedings of the 25th international conference on Machine learning},
  pages={784--791},
  year={2008},
  organization={ACM}
}

%%%%%%%%%%%%%%%%%%%%%%%%%%%%%% Submodular Maximization

@misc{krause2014submodular,
  title={Submodular function maximization.},
  author={Krause, Andreas and Golovin, Daniel},
  year={2014}
}

@inproceedings{gabillon2013adaptive,
  title={Adaptive submodular maximization in bandit setting},
  author={Gabillon, Victor and Kveton, Branislav and Wen, Zheng and Eriksson, Brian and Muthukrishnan, S},
  booktitle={Advances in Neural Information Processing Systems},
  pages={2697--2705},
  year={2013}
}

@inproceedings{yue2011linear,
  title={Linear submodular bandits and their application to diversified retrieval},
  author={Yue, Yisong and Guestrin, Carlos},
  booktitle={Advances in Neural Information Processing Systems},
  pages={2483--2491},
  year={2011}
}

@inproceedings{streeter2009online,
  title={An online algorithm for maximizing submodular functions},
  author={Streeter, Matthew and Golovin, Daniel},
  booktitle={Advances in Neural Information Processing Systems},
  pages={1577--1584},
  year={2009}
}

@article{nemhauser1978analysis,
  title={An analysis of approximations for maximizing submodular set functionsâ€”I},
  author={Nemhauser, George L and Wolsey, Laurence A and Fisher, Marshall L},
  journal={Mathematical programming},
  volume={14},
  number={1},
  pages={265--294},
  year={1978},
  publisher={Springer}
}


%%%%%%%%%%%%%%%%%%%%%%%%%%%%%% Low-Rank Stochastic under click models


@inproceedings{craswell2008experimental,
  title={An experimental comparison of click position-bias models},
  author={Craswell, Nick and Zoeter, Onno and Taylor, Michael and Ramsey, Bill},
  booktitle={Proceedings of the 2008 international conference on web search and data mining},
  pages={87--94},
  year={2008},
  organization={ACM}
}

@article{koren2009matrix,
  title={Matrix factorization techniques for recommender systems},
  author={Koren, Yehuda and Bell, Robert and Volinsky, Chris},
  journal={Computer},
  number={8},
  pages={30--37},
  year={2009},
  publisher={IEEE}
}

@misc{ricci2011liorrokach,
  title={LiorRokach, and BrachaShapira." Introduction to recommender systems handbook},
  author={Ricci, Francesco},
  year={2011},
  publisher={springer US}
}

@article{kveton2017stochastic,
  title={Stochastic Low-Rank Bandits},
  author={Kveton, Branislav and Szepesvari, Csaba and Rao, Anup and Wen, Zheng and Abbasi-Yadkori, Yasin and Muthukrishnan, S},
  journal={arXiv preprint arXiv:1712.04644},
  year={2017}
}

@article{katariya2016stochastic,
  title={Stochastic rank-1 bandits},
  author={Katariya, Sumeet and Kveton, Branislav and Szepesvari, Csaba and Vernade, Claire and Wen, Zheng},
  journal={arXiv preprint arXiv:1608.03023},
  year={2016}
}

@article{zoghi2017online,
  title={Online learning to rank in stochastic click models},
  author={Zoghi, Masrour and Tunys, Tomas and Ghavamzadeh, Mohammad and Kveton, Branislav and Szepesvari, Csaba and Wen, Zheng},
  journal={arXiv preprint arXiv:1703.02527},
  year={2017}
}

@article{katariya2017bernoulli,
  title={Bernoulli Rank-$1 $ Bandits for Click Feedback},
  author={Katariya, Sumeet and Kveton, Branislav and Szepesv{\'a}ri, Csaba and Vernade, Claire and Wen, Zheng},
  journal={arXiv preprint arXiv:1703.06513},
  year={2017}
}

@article{chuklin2015click,
  title={Click models for web search},
  author={Chuklin, Aleksandr and Markov, Ilya and Rijke, Maarten de},
  journal={Synthesis Lectures on Information Concepts, Retrieval, and Services},
  volume={7},
  number={3},
  pages={1--115},
  year={2015},
  publisher={Morgan \& Claypool Publishers}
}


%%%%%%%%%%%%%%%%%%%%%%%%%%%%%% Contextual Bandits


@article{li2010contextual,
  author    = {Lihong Li and
               Wei Chu and
               John Langford and
               Robert E. Schapire},
  editor    = {Michael Rappa and
               Paul Jones and
               Juliana Freire and
               Soumen Chakrabarti},
  title     = {A contextual-bandit approach to personalized news article recommendation},
  journal = {Proceedings of the 19th International Conference on World Wide Web,
               {WWW} 2010, Raleigh, North Carolina, USA, April 26-30, 2010},
  pages     = {661--670},
  publisher = {{ACM}},
  year      = {2010},
  url       = {http://doi.acm.org/10.1145/1772690.1772758},
  doi       = {10.1145/1772690.1772758},
  timestamp = {Sat, 06 Jan 2018 16:54:35 +0100},
  biburl    = {http://dblp.org/rec/bib/conf/www/LiCLS10},
  bibsource = {dblp computer science bibliography, http://dblp.org}
}

@article{beygelzimer2011contextual,
  author    = {Alina Beygelzimer and
               John Langford and
               Lihong Li and
               Lev Reyzin and
               Robert E. Schapire},
  title     = {Contextual Bandit Algorithms with Supervised Learning Guarantees},
  journal = {Proceedings of the Fourteenth International Conference on Artificial
               Intelligence and Statistics, {AISTATS} 2011, Fort Lauderdale, USA,
               April 11-13, 2011},
  pages     = {19--26},
  year      = {2011},
  url       = {http://www.jmlr.org/proceedings/papers/v15/beygelzimer11a/beygelzimer11a.pdf},
  timestamp = {Sat, 06 Jan 2018 16:54:34 +0100},
  biburl    = {http://dblp.org/rec/bib/journals/jmlr/BeygelzimerLLRS11},
  bibsource = {dblp computer science bibliography, http://dblp.org}
}

@article{slivkins2014contextual,
  title={Contextual bandits with similarity information.},
  author={Slivkins, Aleksandrs},
  journal={Journal of Machine Learning Research},
  volume={15},
  number={1},
  pages={2533--2568},
  year={2014},
  url       = {http://dl.acm.org/citation.cfm?id=2670330},
  timestamp = {Sun, 05 Oct 2014 12:54:58 +0200},
  biburl    = {http://dblp.org/rec/bib/journals/jmlr/Slivkins14},
  bibsource = {dblp computer science bibliography, http://dblp.org}
}


%%%%%%%%%%%%%%%%%%%%%%%%%%%%%%%% General Stochastic Bandits

@book{cesa2006prediction,
  author    = {Nicol{\`{o}} Cesa{-}Bianchi and
               G{\'{a}}bor Lugosi},
  title     = {Prediction, learning, and games},
  publisher = {Cambridge University Press},
  year      = {2006},
  isbn      = {978-0-521-84108-5},
  timestamp = {Wed, 23 Mar 2011 16:58:38 +0100},
  biburl    = {http://dblp.org/rec/bib/books/daglib/0016248},
  bibsource = {dblp computer science bibliography, http://dblp.org}
}

@book{devroye2013probabilistic,
  title={A probabilistic theory of pattern recognition},
  author={Devroye, Luc and Gy{\"o}rfi, L{\'a}szl{\'o} and Lugosi, G{\'a}bor},
  volume={31},
  year={2013},
  publisher={Springer Science \& Business Media}
}


@article{thompson1935theory,
  title={On the theory of apportionment},
  author={Thompson, William R},
  journal={American Journal of Mathematics},
  volume={57},
  number={2},
  pages={450--456},
  year={1935},
  publisher={JSTOR}
}

@article{cappe2013kullback,
  title={Kullback--leibler upper confidence bounds for optimal sequential allocation},
  author={Capp{\'e}, Olivier and Garivier, Aur{\'e}lien and Maillard, Odalric-Ambrym and Munos, R{\'e}mi and Stoltz, Gilles and others},
  journal={The Annals of Statistics},
  volume={41},
  number={3},
  pages={1516--1541},
  year={2013},
  publisher={Institute of Mathematical Statistics}
}


@misc{CapGarKau12,
 author={Olivier Cappe and Aurelien Garivier and Emilie Kaufmann},
 title={pymaBandits},
 year={2012},
 note={\url{http://mloss.org/software/view/415/}}
}



@article{lattimore2015optimally,
  author    = {Tor Lattimore},
  title     = {Optimally Confident {UCB} : Improved Regret for Finite-Armed Bandits},
  journal   = {CoRR},
  volume    = {abs/1507.07880},
  year      = {2015},
  url       = {http://arxiv.org/abs/1507.07880},
  archivePrefix = {arXiv},
  eprint    = {1507.07880},
  timestamp = {Wed, 07 Jun 2017 14:41:58 +0200},
  biburl    = {http://dblp.org/rec/bib/journals/corr/Lattimore15},
  bibsource = {dblp computer science bibliography, http://dblp.org}
}

@article{auer2010ucb,
  title={UCB revisited: Improved regret bounds for the stochastic multi-armed bandit problem},
  author={Auer, Peter and Ortner, Ronald},
  journal={Periodica Mathematica Hungarica},
  volume={61},
  number={1-2},
  pages={55--65},
  year={2010},
  publisher={Springer},
  url       = {https://doi.org/10.1007/s10998-010-3055-6},
  doi       = {10.1007/s10998-010-3055-6},
  timestamp = {Fri, 26 May 2017 22:52:58 +0200},
  biburl    = {http://dblp.org/rec/bib/journals/pmh/AuerO10},
  bibsource = {dblp computer science bibliography, http://dblp.org}
}


@article{auer2002finite,
  author    = {Peter Auer and
               Nicol{\`{o}} Cesa{-}Bianchi and
               Paul Fischer},
  title     = {Finite-time Analysis of the Multiarmed Bandit Problem},
  journal   = {Machine Learning},
  volume    = {47},
  number    = {2-3},
  pages     = {235--256},
  year      = {2002},
  url       = {https://doi.org/10.1023/A:1013689704352},
  doi       = {10.1023/A:1013689704352},
  timestamp = {Sun, 28 May 2017 13:18:23 +0200},
  biburl    = {http://dblp.org/rec/bib/journals/ml/AuerCF02},
  bibsource = {dblp computer science bibliography, http://dblp.org}
}


@incollection{robbins1952some,
  title={Some aspects of the sequential design of experiments},
  author={Robbins, Herbert},
  booktitle={Herbert Robbins Selected Papers},
  pages={169--177},
  year={1952},
  publisher={Springer}
}

@article{lai1985asymptotically,
  title={Asymptotically efficient adaptive allocation rules},
  author={Lai, Tze Leung and Robbins, Herbert},
  journal={Advances in applied mathematics},
  volume={6},
  number={1},
  pages={4--22},
  year={1985},
  publisher={Elsevier}
}

@article{thompson1933likelihood,
  title={On the likelihood that one unknown probability exceeds another in view of the evidence of two samples},
  author={Thompson, William R},
  journal={Biometrika},
  pages={285--294},
  year={1933},
  publisher={JSTOR}
}



@article{agrawal2012analysis,
  author    = {Shipra Agrawal and
               Navin Goyal},
  title     = {Analysis of Thompson Sampling for the Multi-armed Bandit Problem},
  journal = {{COLT} 2012 - The 25th Annual Conference on Learning Theory, June
               25-27, 2012, Edinburgh, Scotland},
  pages     = {39.1--39.26},
  year      = {2012},
  url       = {http://www.jmlr.org/proceedings/papers/v23/agrawal12/agrawal12.pdf},
  timestamp = {Thu, 28 Dec 2017 16:02:42 +0100},
  biburl    = {http://dblp.org/rec/bib/journals/jmlr/AgrawalG12},
  bibsource = {dblp computer science bibliography, http://dblp.org}
}



@article{agrawal2013further,
  author    = {Shipra Agrawal and
               Navin Goyal},
  title     = {Further Optimal Regret Bounds for Thompson Sampling},
  journal = {Proceedings of the Sixteenth International Conference on Artificial
               Intelligence and Statistics, {AISTATS} 2013, Scottsdale, AZ, USA,
               April 29 - May 1, 2013},
  series    = {{JMLR} Workshop and Conference Proceedings},
  volume    = {31},
  pages     = {99--107},
  publisher = {JMLR.org},
  year      = {2013},
  url       = {http://jmlr.org/proceedings/papers/v31/agrawal13a.html},
  timestamp = {Thu, 28 Dec 2017 16:02:41 +0100},
  biburl    = {http://dblp.org/rec/bib/conf/aistats/AgrawalG13},
  bibsource = {dblp computer science bibliography, http://dblp.org}
}




@article{garivier2011kl,
  author    = {Aur{\'{e}}lien Garivier and
               Olivier Capp{\'{e}}},
  editor    = {Sham M. Kakade and
               Ulrike von Luxburg},
  title     = {The {KL-UCB} Algorithm for Bounded Stochastic Bandits and Beyond},
  journal = {{COLT} 2011 - The 24th Annual Conference on Learning Theory, June
               9-11, 2011, Budapest, Hungary},
  series    = {{JMLR} Proceedings},
  volume    = {19},
  pages     = {359--376},
  publisher = {JMLR.org},
  year      = {2011},
  url       = {http://www.jmlr.org/proceedings/papers/v19/garivier11a/garivier11a.pdf},
  timestamp = {Thu, 11 Sep 2014 07:28:56 +0200},
  biburl    = {http://dblp.org/rec/bib/journals/jmlr/GarivierC11},
  bibsource = {dblp computer science bibliography, http://dblp.org}
}

@article{audibert2009minimax,
  author    = {Jean{-}Yves Audibert and
               S{\'{e}}bastien Bubeck},
  title     = {Minimax Policies for Adversarial and Stochastic Bandits},
  journal = {{COLT} 2009 - The 22nd Conference on Learning Theory, Montreal, Quebec,
               Canada, June 18-21, 2009},
  pages	   = {217--226},
  year      = {2009},
  url       = {http://www.cs.mcgill.ca/~colt2009/papers/022.pdf#page=1},
  timestamp = {Fri, 25 Mar 2011 13:28:34 +0100},
  biburl    = {http://dblp.org/rec/bib/conf/colt/AudibertB09},
  bibsource = {dblp computer science bibliography, http://dblp.org}
}

@article{abbasi2011improved,
  author    = {Yasin Abbasi{-}Yadkori and
               D{\'{a}}vid P{\'{a}}l and
               Csaba Szepesv{\'{a}}ri},
  title     = {Improved Algorithms for Linear Stochastic Bandits},
  journal = {Advances in Neural Information Processing Systems 24: 25th Annual
               Conference on Neural Information Processing Systems 2011. Proceedings
               of a meeting held 12-14 December 2011, Granada, Spain.},
  pages     = {2312--2320},
  year      = {2011},
  url = {https://sites.ualberta.ca/~szepesva/papers/linear-bandits-NIPS2011.pdf},
  timestamp = {Thu, 11 Dec 2014 17:34:08 +0100},
  biburl    = {http://dblp.org/rec/bib/conf/nips/Abbasi-YadkoriPS11},
  bibsource = {dblp computer science bibliography, http://dblp.org}
}


@article{agrawal2011analysis,
  author    = {Shipra Agrawal and
               Navin Goyal},
  title     = {Analysis of Thompson Sampling for the multi-armed bandit problem},
  journal   = {CoRR},
  volume    = {abs/1111.1797},
  year      = {2011},
  url       = {http://arxiv.org/abs/1111.1797},
  archivePrefix = {arXiv},
  eprint    = {1111.1797},
  timestamp = {Thu, 28 Dec 2017 16:02:42 +0100},
  biburl    = {http://dblp.org/rec/bib/journals/corr/abs-1111-1797},
  bibsource = {dblp computer science bibliography, http://dblp.org}
}




@article{auer2002using,
  title={Using confidence bounds for exploitation-exploration trade-offs},
  author={Auer, Peter},
  journal={Journal of Machine Learning Research},
  volume={3},
  number={Nov},
  pages={397--422},
  year={2002},
  url       = {http://www.jmlr.org/papers/v3/auer02a.html},
  timestamp = {Thu, 05 Feb 2004 13:43:02 +0100},
  biburl    = {http://dblp.org/rec/bib/journals/jmlr/Auer02},
  bibsource = {dblp computer science bibliography, http://dblp.org}
}

@article{kaufmann2012bayesian,
  author    = {Emilie Kaufmann and
               Olivier Capp{\'{e}} and
               Aur{\'{e}}lien Garivier},
  editor    = {Neil D. Lawrence and
               Mark A. Girolami},
  title     = {On Bayesian Upper Confidence Bounds for Bandit Problems},
  journal = {Proceedings of the Fifteenth International Conference on Artificial
               Intelligence and Statistics, {AISTATS} 2012, La Palma, Canary Islands,
               April 21-23, 2012},
  series    = {{JMLR} Proceedings},
  volume    = {22},
  pages     = {592--600},
  publisher = {JMLR.org},
  year      = {2012},
  url       = {http://jmlr.csail.mit.edu/proceedings/papers/v22/kaufmann12.html},
  timestamp = {Fri, 08 Apr 2016 07:34:34 +0200},
  biburl    = {http://dblp.org/rec/bib/journals/jmlr/KaufmannCG12},
  bibsource = {dblp computer science bibliography, http://dblp.org}
}


%%%%%%%%%%%%%%%%% Distributed Bandits

@article{bui2012clustered,
  author    = {Loc Bui and
               Ramesh Johari and
               Shie Mannor},
  title     = {Clustered Bandits},
  journal   = {CoRR},
  volume    = {abs/1206.4169},
  year      = {2012},
  url       = {http://arxiv.org/abs/1206.4169},
  archivePrefix = {arXiv},
  eprint    = {1206.4169},
  timestamp = {Wed, 07 Jun 2017 14:42:04 +0200},
  biburl    = {http://dblp.org/rec/bib/journals/corr/abs-1206-4169},
  bibsource = {dblp computer science bibliography, http://dblp.org}
}


@article{cesa2013gang,
  author    = {Nicol{\`{o}} Cesa{-}Bianchi and
               Claudio Gentile and
               Giovanni Zappella},
  title     = {A Gang of Bandits},
  journal = {Advances in Neural Information Processing Systems 26: 27th Annual
               Conference on Neural Information Processing Systems 2013. Proceedings
               of a meeting held December 5-8, 2013, Lake Tahoe, Nevada, United States.},
  pages     = {737--745},
  year      = {2013},
  url       = {http://papers.nips.cc/paper/5006-a-gang-of-bandits},
  timestamp = {Fri, 31 Jan 2014 12:11:40 +0100},
  biburl    = {http://dblp.org/rec/bib/conf/nips/Cesa-BianchiGZ13},
  bibsource = {dblp computer science bibliography, http://dblp.org}
}



@article{gentile2014online,
  author    = {Claudio Gentile and
               Shuai Li and
               Giovanni Zappella},
  title     = {Online Clustering of Bandits},
  journal = {Proceedings of the 31th International Conference on Machine Learning,
               {ICML} 2014, Beijing, China, 21-26 June 2014},
  series    = {{JMLR} Workshop and Conference Proceedings},
  volume    = {32},
  pages     = {757--765},
  publisher = {JMLR.org},
  year      = {2014},
  url       = {http://jmlr.org/proceedings/papers/v32/gentile14.html},
  timestamp = {Wed, 29 Mar 2017 16:45:25 +0200},
  biburl    = {http://dblp.org/rec/bib/conf/icml/GentileLZ14},
  bibsource = {dblp computer science bibliography, http://dblp.org}
}




@article{hillel2013distributed,
  author    = {Eshcar Hillel and
               Zohar Shay Karnin and
               Tomer Koren and
               Ronny Lempel and
               Oren Somekh},
  title     = {Distributed Exploration in Multi-Armed Bandits},
  journal = {Advances in Neural Information Processing Systems 26: 27th Annual
               Conference on Neural Information Processing Systems 2013. Proceedings
               of a meeting held December 5-8, 2013, Lake Tahoe, Nevada, United States.},
  pages     = {854--862},
  year      = {2013},
  url       = {http://papers.nips.cc/paper/4919-distributed-exploration-in-multi-armed-bandits},
  timestamp = {Fri, 31 Jan 2014 12:11:40 +0100},
  biburl    = {http://dblp.org/rec/bib/conf/nips/HillelKKLS13},
  bibsource = {dblp computer science bibliography, http://dblp.org}
}



@article{awerbuch2008competitive,
  author    = {Baruch Awerbuch and
               Robert Kleinberg},
  title     = {Competitive collaborative learning},
  journal   = {J. Comput. Syst. Sci.},
  volume    = {74},
  number    = {8},
  pages     = {1271--1288},
  year      = {2008},
  url       = {https://doi.org/10.1016/j.jcss.2007.08.004},
  doi       = {10.1016/j.jcss.2007.08.004},
  timestamp = {Sat, 20 May 2017 00:25:52 +0200},
  biburl    = {http://dblp.org/rec/bib/journals/jcss/AwerbuchK08a},
  bibsource = {dblp computer science bibliography, http://dblp.org}
}


@article{liu2010distributed,
  author    = {Keqin Liu and
               Qing Zhao},
  title     = {Distributed learning in multi-armed bandit with multiple players},
  journal   = {{IEEE} Trans. Signal Processing},
  volume    = {58},
  number    = {11},
  pages     = {5667--5681},
  year      = {2010},
  url       = {https://doi.org/10.1109/TSP.2010.2062509},
  doi       = {10.1109/TSP.2010.2062509},
  timestamp = {Thu, 18 May 2017 09:55:22 +0200},
  biburl    = {http://dblp.org/rec/bib/journals/tsp/LiuZ10},
  bibsource = {dblp computer science bibliography, http://dblp.org}
}


@article{szorenyi2013gossip,
  author    = {Bal{\'{a}}zs Sz{\"{o}}r{\'{e}}nyi and
               R{\'{o}}bert Busa{-}Fekete and
               Istv{\'{a}}n Heged{\"{u}}s and
               R{\'{o}}bert Orm{\'{a}}ndi and
               M{\'{a}}rk Jelasity and
               Bal{\'{a}}zs K{\'{e}}gl},
  title     = {Gossip-based distributed stochastic bandit algorithms},
  journal = {Proceedings of the 30th International Conference on Machine Learning,
               {ICML} 2013, Atlanta, GA, USA, 16-21 June 2013},
  pages     = {19--27},
  year      = {2013},
  url       = {http://jmlr.org/proceedings/papers/v28/szorenyi13.html},
  timestamp = {Wed, 29 Mar 2017 16:45:25 +0200},
  biburl    = {http://dblp.org/rec/bib/conf/icml/SzorenyiBHOJK13},
  bibsource = {dblp computer science bibliography, http://dblp.org}
}

%%%%%%%%%%%%% General Non-Stochastic Bandit

@article{littlestone1994weighted,
  author    = {Nick Littlestone and
               Manfred K. Warmuth},
  title     = {The Weighted Majority Algorithm},
  journal   = {Inf. Comput.},
  volume    = {108},
  number    = {2},
  pages     = {212--261},
  year      = {1994},
  url       = {https://doi.org/10.1006/inco.1994.1009},
  doi       = {10.1006/inco.1994.1009},
  timestamp = {Thu, 18 May 2017 09:54:22 +0200},
  biburl    = {http://dblp.org/rec/bib/journals/iandc/LittlestoneW94},
  bibsource = {dblp computer science bibliography, http://dblp.org}
}

@article{auer1995gambling,
  author    = {Peter Auer and
               Nicol{\`{o}} Cesa{-}Bianchi and
               Yoav Freund and
               Robert E. Schapire},
  title     = {Gambling in a rigged casino: The adversarial multi-armed bandit problem},
  journal   = {Electronic Colloquium on Computational Complexity {(ECCC)}},
  volume    = {7},
  number    = {68},
  year      = {2000},
  url       = {http://eccc.hpi-web.de/eccc-reports/2000/TR00-068/index.html},
  timestamp = {Thu, 08 Jun 2017 14:26:48 +0200},
  biburl    = {http://dblp.org/rec/bib/journals/eccc/ECCC-TR00-068},
  bibsource = {dblp computer science bibliography, http://dblp.org}
}

@article{auer2002nonstochastic,
  title={The nonstochastic multiarmed bandit problem},
  author={Auer, Peter and Cesa-Bianchi, Nicolo and Freund, Yoav and Schapire, Robert E},
  journal={SIAM Journal on Computing},
  volume={32},
  number={1},
  pages={48--77},
  year={2002},
  publisher={SIAM},
  url       = {https://doi.org/10.1137/S0097539701398375},
  doi       = {10.1137/S0097539701398375},
  timestamp = {Sat, 27 May 2017 14:22:59 +0200},
  biburl    = {http://dblp.org/rec/bib/journals/siamcomp/AuerCFS02},
  bibsource = {dblp computer science bibliography, http://dblp.org}
}


@article{kocak2014efficient,
  author    = {Tom{\'{a}}{\v{s}} Koc{\'{a}}k and
               Gergely Neu and
               Michal Valko and
               R{\'{e}}mi Munos},
  title     = {Efficient learning by implicit exploration in bandit problems with
               side observations},
  journal = {Advances in Neural Information Processing Systems 27: Annual Conference
               on Neural Information Processing Systems 2014, December 8-13 2014,
               Montreal, Quebec, Canada},
  pages     = {613--621},
  year      = {2014},
  url       = {http://cs.bme.hu/~gergo/files/KNVM14.pdf},
  timestamp = {Wed, 10 Dec 2014 21:34:12 +0100},
  biburl    = {http://dblp.org/rec/bib/conf/nips/KocakNVM14},
  bibsource = {dblp computer science bibliography, http://dblp.org}
}

%%%%%%%%%%%%%%%% Piecewise Stationary

@article{kocsis2006discounted,
  title={Discounted ucb},
  author={Kocsis, Levente and Szepesv{\'a}ri, Csaba},
  journal={2nd PASCAL Challenges Workshop},
  pages={784--791},
  year={2006}
}

@article{hartland2007change,
  title={Change point detection and meta-bandits for online learning in dynamic environments},
  author={Hartland, C{\'e}dric and Baskiotis, Nicolas and Gelly, Sylvain and Sebag, Michele and Teytaud, Olivier},
  journal={CAp},
  pages={237--250},
  year={2007}
}


@article{yu2009piecewise,
  author    = {Jia Yuan Yu and
               Shie Mannor},
  title     = {Piecewise-stationary bandit problems with side observations},
  journal = {Proceedings of the 26th Annual International Conference on Machine
               Learning, {ICML} 2009, Montreal, Quebec, Canada, June 14-18, 2009},
  pages     = {1177--1184},
  year      = {2009},
  url       = {http://doi.acm.org/10.1145/1553374.1553524},
  doi       = {10.1145/1553374.1553524},
  timestamp = {Mon, 29 Sep 2014 17:13:49 +0200},
  biburl    = {http://dblp.org/rec/bib/conf/icml/YuM09},
  bibsource = {dblp computer science bibliography, http://dblp.org}
}

@article{garivier2011upper,
  author    = {Aur{\'{e}}lien Garivier and
               Eric Moulines},
  editor    = {Jyrki Kivinen and
               Csaba Szepesv{\'{a}}ri and
               Esko Ukkonen and
               Thomas Zeugmann},
  title     = {On Upper-Confidence Bound Policies for Switching Bandit Problems},
  journal = {Algorithmic Learning Theory - 22nd International Conference, {ALT} 2011, Espoo, Finland, October 5-7, 2011. Proceedings},
  series    = {Lecture Notes in Computer Science},
  volume    = {6925},
  pages     = {174--188},
  publisher = {Springer},
  year      = {2011},
  url       = {https://doi.org/10.1007/978-3-642-24412-4_16},
  doi       = {10.1007/978-3-642-24412-4_16},
  timestamp = {Sat, 16 Sep 2017 12:08:04 +0200},
  biburl    = {http://dblp.org/rec/bib/conf/alt/GarivierM11},
  bibsource = {dblp computer science bibliography, http://dblp.org}
}



