@article{goldberg2001eigentaste,
  title={Eigentaste: A constant time collaborative filtering algorithm},
  author={Goldberg, Ken and Roeder, Theresa and Gupta, Dhruv and Perkins, Chris},
  journal={information retrieval},
  volume={4},
  number={2},
  pages={133--151},
  year={2001},
  publisher={Springer}
}

@article{harper2016movielens,
  title={The movielens datasets: History and context},
  author={Harper, F Maxwell and Konstan, Joseph A},
  journal={Acm transactions on interactive intelligent systems (tiis)},
  volume={5},
  number={4},
  pages={19},
  year={2016},
  publisher={ACM}
}



@phdthesis{bubeck2010bandits,
  title = {Bandits games and clustering foundations},
  author = {Bubeck, Sebastien},
  year = {2010},
  school = {University of Science and Technology of Lille-Lille I}
}

@inproceedings{DBLP:journals/jmlr/MaillardM11,
  author    = {Odalric{-}Ambrym Maillard and
               R{\'{e}}mi Munos},
  title     = {Adaptive Bandits: Towards the best history-dependent strategy},
  booktitle = {Proceedings of the Fourteenth International Conference on Artificial
               Intelligence and Statistics, {AISTATS} 2011, Fort Lauderdale, USA,
               April 11-13, 2011},
  pages     = {570--578},
  year      = {2011},
  crossref  = {DBLP:conf/aistats/2011},
  url       = {http://www.jmlr.org/proceedings/papers/v15/odalric11a/odalric11a.pdf},
  timestamp = {Thu, 11 Sep 2014 07:28:56 +0200},
  biburl    = {https://dblp.org/rec/bib/journals/jmlr/MaillardM11},
  bibsource = {dblp computer science bibliography, https://dblp.org}
}


@phdthesis{maillard2011apprentissage,
  title = {LEARNING S {\ 'E} QUENTIAL: Bandits, Statistics and Reinforcement.},
  author = {Maillard, Odalric-Ambrym},
  year = {2011},
  school = {University of Science and Technology of Lille-Lille I}
}

@article{agrawal1995sample,
  title={Sample mean based index policies by $\mathcal{O}(\log n)$ regret for the multi-armed bandit problem},
  author={Agrawal, Rajeev},
  journal={Advances in Applied Probability},
  volume={27},
  number={4},
  pages={1054--1078},
  year={1995},
  publisher={Cambridge University Press}
}

@article{steinwart2005classification,
  author    = {Ingo Steinwart and
               Don R. Hush and
               Clint Scovel},
  title     = {A Classification Framework for Anomaly Detection},
  journal   = {Journal of Machine Learning Research},
  volume    = {6},
  pages     = {211--232},
  year      = {2005},
  url       = {http://www.jmlr.org/papers/v6/steinwart05a.html},
  timestamp = {Wed, 21 Feb 2007 09:15:38 +0100},
  biburl    = {http://dblp.org/rec/bib/journals/jmlr/SteinwartHS05},
  bibsource = {dblp computer science bibliography, http://dblp.org}
}

@article{streeter2006selecting,
  title={Selecting among heuristics by solving thresholded k-armed bandit problems},
  author={Streeter, Matthew J and Smith, Stephen F},
  journal={ICAPS 2006},
  pages={123--127},
  year={2006}
}


@article{takimoto2003path,
  author    = {Eiji Takimoto and
               Manfred K. Warmuth},
  title     = {Path Kernels and Multiplicative Updates},
  journal   = {Journal of Machine Learning Research},
  volume    = {4},
  pages     = {773--818},
  year      = {2003},
  url       = {http://www.jmlr.org/papers/v4/takimoto03a.html},
  timestamp = {Thu, 05 Feb 2004 13:50:32 +0100},
  biburl    = {http://dblp.org/rec/bib/journals/jmlr/TakimotoW03},
  bibsource = {dblp computer science bibliography, http://dblp.org}
}

@article{kalai2005efficient,
  title={Efficient algorithms for online decision problems},
  author={Kalai, Adam and Vempala, Santosh},
  journal={Journal of Computer and System Sciences},
  volume={71},
  number={3},
  pages={291--307},
  year={2005},
  publisher={Elsevier},
  url       = {https://doi.org/10.1016/j.jcss.2004.10.016},
  doi       = {10.1016/j.jcss.2004.10.016},
  timestamp = {Sat, 20 May 2017 00:25:52 +0200},
  biburl    = {http://dblp.org/rec/bib/journals/jcss/KalaiV05},
  bibsource = {dblp computer science bibliography, http://dblp.org}
}

@book{cesa2006prediction,
  author    = {Nicol{\`{o}} Cesa{-}Bianchi and
               G{\'{a}}bor Lugosi},
  title     = {Prediction, learning, and games},
  publisher = {Cambridge University Press},
  year      = {2006},
  isbn      = {978-0-521-84108-5},
  timestamp = {Wed, 23 Mar 2011 16:58:38 +0100},
  biburl    = {http://dblp.org/rec/bib/books/daglib/0016248},
  bibsource = {dblp computer science bibliography, http://dblp.org}
}


@article{awerbuch2004adaptive,
  author    = {Baruch Awerbuch and
               Robert D. Kleinberg},
  editor    = {L{\'{a}}szl{\'{o}} Babai},
  title     = {Adaptive routing with end-to-end feedback: distributed learning and
               geometric approaches},
  journal = {Proceedings of the 36th Annual {ACM} Symposium on Theory of Computing,
               Chicago, IL, USA, June 13-16, 2004},
  pages     = {45--53},
  publisher = {{ACM}},
  year      = {2004},
  url       = {http://doi.acm.org/10.1145/1007352.1007367},
  doi       = {10.1145/1007352.1007367},
  timestamp = {Wed, 15 Feb 2006 09:55:49 +0100},
  biburl    = {http://dblp.org/rec/bib/conf/stoc/AwerbuchK04},
  bibsource = {dblp computer science bibliography, http://dblp.org}
}

@article{mcmahan2004online,
  author    = {H. Brendan McMahan and
               Avrim Blum},
  title     = {Online Geometric Optimization in the Bandit Setting Against an Adaptive
               Adversary},
  journal = {Learning Theory, 17th Annual Conference on Learning Theory, {COLT} 2004, Banff, Canada, July 1-4, 2004, Proceedings},
  pages     = {109--123},
  year      = {2004},
  url       = {https://doi.org/10.1007/978-3-540-27819-1_8},
  doi       = {10.1007/978-3-540-27819-1_8},
  timestamp = {Tue, 30 May 2017 12:57:44 +0200},
  biburl    = {http://dblp.org/rec/bib/conf/colt/McMahanB04},
  bibsource = {dblp computer science bibliography, http://dblp.org}
}


@article{gyorgy2007line,
  title={The on-line shortest path problem under partial monitoring},
  author={Gy{\"o}rgy, Andr{\'a}s and Linder, Tam{\'a}s and Lugosi, G{\'a}bor and Ottucs{\'a}k, Gy{\"o}rgy},
  journal={Journal of Machine Learning Research},
  volume={8},
  number={Oct},
  pages={2369--2403},
  year={2007},
  url       = {http://dl.acm.org/citation.cfm?id=1314575},
  timestamp = {Thu, 15 Dec 2011 15:52:06 +0100},
  biburl    = {http://dblp.org/rec/bib/journals/jmlr/GyorgyLLO07},
  bibsource = {dblp computer science bibliography, http://dblp.org}
}



@article{langford2008epoch,
  author    = {John Langford and
               Tong Zhang},
  title     = {The Epoch-Greedy Algorithm for Multi-armed Bandits with Side Information},
  journal = {Advances in Neural Information Processing Systems 20, Proceedings
               of the Twenty-First Annual Conference on Neural Information Processing
               Systems, Vancouver, British Columbia, Canada, December 3-6, 2007},
  pages     = {817--824},
  year      = {2007},
  url       = {http://hunch.net/~jl/projects/interactive/sidebandits/bandit.pdf},
  timestamp = {Sat, 06 Jan 2018 16:54:35 +0100},
  biburl    = {http://dblp.org/rec/bib/conf/nips/LangfordZ07},
  bibsource = {dblp computer science bibliography, http://dblp.org}
}

@article{li2010contextual,
  author    = {Lihong Li and
               Wei Chu and
               John Langford and
               Robert E. Schapire},
  editor    = {Michael Rappa and
               Paul Jones and
               Juliana Freire and
               Soumen Chakrabarti},
  title     = {A contextual-bandit approach to personalized news article recommendation},
  journal = {Proceedings of the 19th International Conference on World Wide Web,
               {WWW} 2010, Raleigh, North Carolina, USA, April 26-30, 2010},
  pages     = {661--670},
  publisher = {{ACM}},
  year      = {2010},
  url       = {http://doi.acm.org/10.1145/1772690.1772758},
  doi       = {10.1145/1772690.1772758},
  timestamp = {Sat, 06 Jan 2018 16:54:35 +0100},
  biburl    = {http://dblp.org/rec/bib/conf/www/LiCLS10},
  bibsource = {dblp computer science bibliography, http://dblp.org}
}



@article{beygelzimer2011contextual,
  author    = {Alina Beygelzimer and
               John Langford and
               Lihong Li and
               Lev Reyzin and
               Robert E. Schapire},
  title     = {Contextual Bandit Algorithms with Supervised Learning Guarantees},
  journal = {Proceedings of the Fourteenth International Conference on Artificial
               Intelligence and Statistics, {AISTATS} 2011, Fort Lauderdale, USA,
               April 11-13, 2011},
  pages     = {19--26},
  year      = {2011},
  url       = {http://www.jmlr.org/proceedings/papers/v15/beygelzimer11a/beygelzimer11a.pdf},
  timestamp = {Sat, 06 Jan 2018 16:54:34 +0100},
  biburl    = {http://dblp.org/rec/bib/journals/jmlr/BeygelzimerLLRS11},
  bibsource = {dblp computer science bibliography, http://dblp.org}
}



@article{DBLP:journals/corr/abs-1708-05033,
  author    = {Pratik Gajane and
               Tanguy Urvoy and
               Emilie Kaufmann},
  title     = {Corrupt Bandits for Privacy Preserving Input},
  journal   = {CoRR},
  volume    = {abs/1708.05033},
  year      = {2017},
  url       = {http://arxiv.org/abs/1708.05033},
  archivePrefix = {arXiv},
  eprint    = {1708.05033},
  timestamp = {Tue, 05 Sep 2017 10:03:46 +0200},
  biburl    = {http://dblp.org/rec/bib/journals/corr/abs-1708-05033},
  bibsource = {dblp computer science bibliography, http://dblp.org}
}

@inproceedings{DBLP:conf/icml/WuSLS16,
  author    = {Yifan Wu and
               Roshan Shariff and
               Tor Lattimore and
               Csaba Szepesv{\'{a}}ri},
  title     = {Conservative Bandits},
  booktitle = {Proceedings of the 33nd International Conference on Machine Learning,
               {ICML} 2016, New York City, NY, USA, June 19-24, 2016},
  pages     = {1254--1262},
  year      = {2016},
  url       = {http://jmlr.org/proceedings/papers/v48/wu16.html},
  timestamp = {Tue, 12 Jul 2016 21:51:16 +0200},
  biburl    = {http://dblp.org/rec/bib/conf/icml/WuSLS16},
  bibsource = {dblp computer science bibliography, http://dblp.org}
}


@article{thompson1935theory,
  title={On the theory of apportionment},
  author={Thompson, William R},
  journal={American Journal of Mathematics},
  volume={57},
  number={2},
  pages={450--456},
  year={1935},
  publisher={JSTOR}
}

@article{cappe2013kullback,
  title={Kullback--leibler upper confidence bounds for optimal sequential allocation},
  author={Capp{\'e}, Olivier and Garivier, Aur{\'e}lien and Maillard, Odalric-Ambrym and Munos, R{\'e}mi and Stoltz, Gilles and others},
  journal={The Annals of Statistics},
  volume={41},
  number={3},
  pages={1516--1541},
  year={2013},
  publisher={Institute of Mathematical Statistics}
}

@book{sutton1998reinforcement,
  author    = {Richard S. Sutton and
               Andrew G. Barto},
  title     = {Reinforcement learning - an introduction},
  series    = {Adaptive computation and machine learning},
  publisher = {{MIT} Press},
  year      = {1998},
  url       = {http://www.worldcat.org/oclc/37293240},
  isbn      = {0262193981},
  timestamp = {Wed, 26 Apr 2017 17:48:08 +0200},
  biburl    = {http://dblp.org/rec/bib/books/lib/SuttonB98},
  bibsource = {dblp computer science bibliography, http://dblp.org}
}


@article{bubeck2012regret,
  author    = {S{\'{e}}bastien Bubeck and
               Nicol{\`{o}} Cesa{-}Bianchi},
  title     = {Regret Analysis of Stochastic and Nonstochastic Multi-armed Bandit
               Problems},
  journal   = {Foundations and Trends in Machine Learning},
  volume    = {5},
  number    = {1},
  pages     = {1--122},
  year      = {2012},
  url       = {https://doi.org/10.1561/2200000024},
  doi       = {10.1561/2200000024},
  timestamp = {Sat, 20 May 2017 00:22:30 +0200},
  biburl    = {http://dblp.org/rec/bib/journals/ftml/BubeckC12},
  bibsource = {dblp computer science bibliography, http://dblp.org}
}


@article{bubeck2012bandits,
  author    = {S{\'{e}}bastien Bubeck and
               Nicol{\`{o}} Cesa{-}Bianchi and
               G{\'{a}}bor Lugosi},
  title     = {Bandits With Heavy Tail},
  journal   = {{IEEE} Trans. Information Theory},
  volume    = {59},
  number    = {11},
  pages     = {7711--7717},
  year      = {2013},
  url       = {https://doi.org/10.1109/TIT.2013.2277869},
  doi       = {10.1109/TIT.2013.2277869},
  timestamp = {Thu, 08 Jun 2017 09:01:00 +0200},
  biburl    = {http://dblp.org/rec/bib/journals/tit/BubeckCL13},
  bibsource = {dblp computer science bibliography, http://dblp.org}
}

@article{bubeck2013bounded,
  author    = {S{\'{e}}bastien Bubeck and
               Vianney Perchet and
               Philippe Rigollet},
  editor    = {Shai Shalev{-}Shwartz and
               Ingo Steinwart},
  title     = {Bounded regret in stochastic multi-armed bandits},
  journal = {{COLT} 2013 - The 26th Annual Conference on Learning Theory, June
               12-14, 2013, Princeton University, NJ, {USA}},
  series    = {{JMLR} Workshop and Conference Proceedings},
  volume    = {30},
  pages     = {122--134},
  publisher = {JMLR.org},
  year      = {2013},
  url       = {http://jmlr.org/proceedings/papers/v30/Bubeck13.html},
  timestamp = {Tue, 12 Jul 2016 21:51:13 +0200},
  biburl    = {http://dblp.org/rec/bib/conf/colt/BubeckPR13},
  bibsource = {dblp computer science bibliography, http://dblp.org}
}

@article{perchet2015batched,
  author    = {Vianney Perchet and
               Philippe Rigollet and
               Sylvain Chassang and
               Erik Snowberg},
  editor    = {Peter Gr{\"{u}}nwald and
               Elad Hazan and
               Satyen Kale},
  title     = {Batched Bandit Problems},
  journal = {Proceedings of The 28th Conference on Learning Theory, {COLT} 2015,
               Paris, France, July 3-6, 2015},
  series    = {{JMLR} Workshop and Conference Proceedings},
  volume    = {40},
  pages     = {1456},
  publisher = {JMLR.org},
  year      = {2015},
  url       = {http://jmlr.org/proceedings/papers/v40/Perchet15.html},
  timestamp = {Tue, 12 Jul 2016 21:51:13 +0200},
  biburl    = {http://dblp.org/rec/bib/conf/colt/PerchetRCS15},
  bibsource = {dblp computer science bibliography, http://dblp.org}
}


@article{audibert2010best,
  author    = {Jean{-}Yves Audibert and
               S{\'{e}}bastien Bubeck and
               R{\'{e}}mi Munos},
  title     = {Best Arm Identification in Multi-Armed Bandits},
  journal = {{COLT} 2010 - The 23rd Conference on Learning Theory, Haifa, Israel,
               June 27-29, 2010},
  pages     = {41--53},
  year      = {2010},
  url       = {http://colt2010.haifa.il.ibm.com/papers/COLT2010proceedings.pdf#page=49},
  timestamp = {Tue, 19 Feb 2013 17:09:31 +0100},
  biburl    = {http://dblp.org/rec/bib/conf/colt/AudibertBM10},
  bibsource = {dblp computer science bibliography, http://dblp.org}
}

@book{friedman2001elements,
  title={The elements of statistical learning},
  author={Friedman, Jerome and Hastie, Trevor and Tibshirani, Robert},
  volume={1},
  year={2001},
  publisher={Springer series in statistics Springer, Berlin},
  url       = {http://www.worldcat.org/oclc/300478243},
  isbn      = {9780387848570},
  timestamp = {Wed, 03 May 2017 18:39:06 +0200},
  biburl    = {http://dblp.org/rec/bib/books/lib/HastieTF09},
  bibsource = {dblp computer science bibliography, http://dblp.org}
}

@article{auer2002nonstochastic,
  title={The nonstochastic multiarmed bandit problem},
  author={Auer, Peter and Cesa-Bianchi, Nicolo and Freund, Yoav and Schapire, Robert E},
  journal={SIAM Journal on Computing},
  volume={32},
  number={1},
  pages={48--77},
  year={2002},
  publisher={SIAM},
  url       = {https://doi.org/10.1137/S0097539701398375},
  doi       = {10.1137/S0097539701398375},
  timestamp = {Sat, 27 May 2017 14:22:59 +0200},
  biburl    = {http://dblp.org/rec/bib/journals/siamcomp/AuerCFS02},
  bibsource = {dblp computer science bibliography, http://dblp.org}
}

@misc{CapGarKau12,
 author={Olivier Cappe and Aurelien Garivier and Emilie Kaufmann},
 title={pymaBandits},
 year={2012},
 note={\url{http://mloss.org/software/view/415/}}
}



@article{honda2010asymptotically,
  author    = {Junya Honda and
               Akimichi Takemura},
  title     = {An Asymptotically Optimal Bandit Algorithm for Bounded Support Models},
  journal = {{COLT} 2010 - The 23rd Conference on Learning Theory, Haifa, Israel,
               June 27-29, 2010},
  pages     = {67--79},
  year      = {2010},
  url       = {http://colt2010.haifa.il.ibm.com/papers/COLT2010proceedings.pdf#page=75},
  timestamp = {Tue, 19 Feb 2013 17:09:31 +0100},
  biburl    = {http://dblp.org/rec/bib/conf/colt/HondaT10},
  bibsource = {dblp computer science bibliography, http://dblp.org}
}


@article{lattimore2015optimally,
  author    = {Tor Lattimore},
  title     = {Optimally Confident {UCB} : Improved Regret for Finite-Armed Bandits},
  journal   = {CoRR},
  volume    = {abs/1507.07880},
  year      = {2015},
  url       = {http://arxiv.org/abs/1507.07880},
  archivePrefix = {arXiv},
  eprint    = {1507.07880},
  timestamp = {Wed, 07 Jun 2017 14:41:58 +0200},
  biburl    = {http://dblp.org/rec/bib/journals/corr/Lattimore15},
  bibsource = {dblp computer science bibliography, http://dblp.org}
}


@article{liu2016modification,
  author    = {Yun{-}Ching Liu and
               Yoshimasa Tsuruoka},
  title     = {Modification of improved upper confidence bounds for regulating exploration
               in Monte-Carlo tree search},
  journal   = {Theoretical Computer Science},
  volume    = {644},
  pages     = {92--105},
  year      = {2016},
  url       = {https://doi.org/10.1016/j.tcs.2016.06.034},
  doi       = {10.1016/j.tcs.2016.06.034},
  timestamp = {Sun, 28 May 2017 13:19:59 +0200},
  biburl    = {http://dblp.org/rec/bib/journals/tcs/LiuT16a},
  bibsource = {dblp computer science bibliography, http://dblp.org}
}

@article{mannor2004sample,
  title={The sample complexity of exploration in the multi-armed bandit problem},
  author={Mannor, Shie and Tsitsiklis, John N},
  journal={Journal of Machine Learning Research},
  volume={5},
  number={Jun},
  pages={623--648},
  year={2004},
  url       = {http://www.ai.mit.edu/projects/jmlr/papers/volume5/mannor04b/mannor04b.pdf},
  timestamp = {Tue, 16 Apr 2013 15:50:01 +0200},
  biburl    = {http://dblp.org/rec/bib/journals/jmlr/MannorT04},
  bibsource = {dblp computer science bibliography, http://dblp.org}
}


@article{even2006action,
  author    = {Eyal Even{-}Dar and
               Shie Mannor and
               Yishay Mansour},
  title     = {Action Elimination and Stopping Conditions for the Multi-Armed Bandit
               and Reinforcement Learning Problems},
  journal   = {Journal of Machine Learning Research},
  volume    = {7},
  pages     = {1079--1105},
  year      = {2006},
  url       = {http://www.jmlr.org/papers/v7/evendar06a.html},
  timestamp = {Wed, 21 Feb 2007 09:15:40 +0100},
  biburl    = {http://dblp.org/rec/bib/journals/jmlr/Even-DarMM06},
  bibsource = {dblp computer science bibliography, http://dblp.org}
}

@article{audibert2009exploration,
  title={Exploration--exploitation tradeoff using variance estimates in multi-armed bandits},
  author={Audibert, Jean-Yves and Munos, R{\'e}mi and Szepesv{\'a}ri, Csaba},
  journal={Theoretical Computer Science},
  volume={410},
  number={19},
  pages={1876--1902},
  year={2009},
  publisher={Elsevier},
  url       = {https://doi.org/10.1016/j.tcs.2009.01.016},
  doi       = {10.1016/j.tcs.2009.01.016},
  timestamp = {Sun, 28 May 2017 13:20:09 +0200},
  biburl    = {http://dblp.org/rec/bib/journals/tcs/AudibertMS09},
  bibsource = {dblp computer science bibliography, http://dblp.org}
}

@article{auer2010ucb,
  title={UCB revisited: Improved regret bounds for the stochastic multi-armed bandit problem},
  author={Auer, Peter and Ortner, Ronald},
  journal={Periodica Mathematica Hungarica},
  volume={61},
  number={1-2},
  pages={55--65},
  year={2010},
  publisher={Springer},
  url       = {https://doi.org/10.1007/s10998-010-3055-6},
  doi       = {10.1007/s10998-010-3055-6},
  timestamp = {Fri, 26 May 2017 22:52:58 +0200},
  biburl    = {http://dblp.org/rec/bib/journals/pmh/AuerO10},
  bibsource = {dblp computer science bibliography, http://dblp.org}
}


@article{auer2002finite,
  author    = {Peter Auer and
               Nicol{\`{o}} Cesa{-}Bianchi and
               Paul Fischer},
  title     = {Finite-time Analysis of the Multiarmed Bandit Problem},
  journal   = {Machine Learning},
  volume    = {47},
  number    = {2-3},
  pages     = {235--256},
  year      = {2002},
  url       = {https://doi.org/10.1023/A:1013689704352},
  doi       = {10.1023/A:1013689704352},
  timestamp = {Sun, 28 May 2017 13:18:23 +0200},
  biburl    = {http://dblp.org/rec/bib/journals/ml/AuerCF02},
  bibsource = {dblp computer science bibliography, http://dblp.org}
}


@incollection{robbins1952some,
  title={Some aspects of the sequential design of experiments},
  author={Robbins, Herbert},
  booktitle={Herbert Robbins Selected Papers},
  pages={169--177},
  year={1952},
  publisher={Springer}
}

@article{lai1985asymptotically,
  title={Asymptotically efficient adaptive allocation rules},
  author={Lai, Tze Leung and Robbins, Herbert},
  journal={Advances in applied mathematics},
  volume={6},
  number={1},
  pages={4--22},
  year={1985},
  publisher={Elsevier}
}

@article{thompson1933likelihood,
  title={On the likelihood that one unknown probability exceeds another in view of the evidence of two samples},
  author={Thompson, William R},
  journal={Biometrika},
  pages={285--294},
  year={1933},
  publisher={JSTOR}
}



@article{agrawal2012analysis,
  author    = {Shipra Agrawal and
               Navin Goyal},
  title     = {Analysis of Thompson Sampling for the Multi-armed Bandit Problem},
  journal = {{COLT} 2012 - The 25th Annual Conference on Learning Theory, June
               25-27, 2012, Edinburgh, Scotland},
  pages     = {39.1--39.26},
  year      = {2012},
  url       = {http://www.jmlr.org/proceedings/papers/v23/agrawal12/agrawal12.pdf},
  timestamp = {Thu, 28 Dec 2017 16:02:42 +0100},
  biburl    = {http://dblp.org/rec/bib/journals/jmlr/AgrawalG12},
  bibsource = {dblp computer science bibliography, http://dblp.org}
}



@article{agrawal2013further,
  author    = {Shipra Agrawal and
               Navin Goyal},
  title     = {Further Optimal Regret Bounds for Thompson Sampling},
  journal = {Proceedings of the Sixteenth International Conference on Artificial
               Intelligence and Statistics, {AISTATS} 2013, Scottsdale, AZ, USA,
               April 29 - May 1, 2013},
  series    = {{JMLR} Workshop and Conference Proceedings},
  volume    = {31},
  pages     = {99--107},
  publisher = {JMLR.org},
  year      = {2013},
  url       = {http://jmlr.org/proceedings/papers/v31/agrawal13a.html},
  timestamp = {Thu, 28 Dec 2017 16:02:41 +0100},
  biburl    = {http://dblp.org/rec/bib/conf/aistats/AgrawalG13},
  bibsource = {dblp computer science bibliography, http://dblp.org}
}



@book{bertsekas1996neuro,
  author    = {Dimitri P. Bertsekas and
               John N. Tsitsiklis},
  title     = {Neuro-dynamic programming},
  series    = {Optimization and neural computation series},
  volume    = {3},
  publisher = {Athena Scientific},
  year      = {1996},
  url       = {http://www.worldcat.org/oclc/35983505},
  isbn      = {1886529108},
  timestamp = {Wed, 31 May 2017 10:38:21 +0200},
  biburl    = {http://dblp.org/rec/bib/books/lib/BertsekasT96},
  bibsource = {dblp computer science bibliography, http://dblp.org}
}


@article{ghavamzadeh2015bayesian,
  author    = {Mohammad Ghavamzadeh and
               Shie Mannor and
               Joelle Pineau and
               Aviv Tamar},
  title     = {Bayesian Reinforcement Learning: {A} Survey},
  journal   = {Foundations and Trends in Machine Learning},
  volume    = {8},
  number    = {5-6},
  pages     = {359--483},
  year      = {2015},
  url       = {https://doi.org/10.1561/2200000049},
  doi       = {10.1561/2200000049},
  timestamp = {Sat, 20 May 2017 00:22:30 +0200},
  biburl    = {http://dblp.org/rec/bib/journals/ftml/GhavamzadehMPT15},
  bibsource = {dblp computer science bibliography, http://dblp.org}
}

@article{garivier2011kl,
  author    = {Aur{\'{e}}lien Garivier and
               Olivier Capp{\'{e}}},
  editor    = {Sham M. Kakade and
               Ulrike von Luxburg},
  title     = {The {KL-UCB} Algorithm for Bounded Stochastic Bandits and Beyond},
  journal = {{COLT} 2011 - The 24th Annual Conference on Learning Theory, June
               9-11, 2011, Budapest, Hungary},
  series    = {{JMLR} Proceedings},
  volume    = {19},
  pages     = {359--376},
  publisher = {JMLR.org},
  year      = {2011},
  url       = {http://www.jmlr.org/proceedings/papers/v19/garivier11a/garivier11a.pdf},
  timestamp = {Thu, 11 Sep 2014 07:28:56 +0200},
  biburl    = {http://dblp.org/rec/bib/journals/jmlr/GarivierC11},
  bibsource = {dblp computer science bibliography, http://dblp.org}
}

@article{audibert2009minimax,
  author    = {Jean{-}Yves Audibert and
               S{\'{e}}bastien Bubeck},
  title     = {Minimax Policies for Adversarial and Stochastic Bandits},
  journal = {{COLT} 2009 - The 22nd Conference on Learning Theory, Montreal, Quebec,
               Canada, June 18-21, 2009},
  pages	   = {217--226},
  year      = {2009},
  url       = {http://www.cs.mcgill.ca/~colt2009/papers/022.pdf#page=1},
  timestamp = {Fri, 25 Mar 2011 13:28:34 +0100},
  biburl    = {http://dblp.org/rec/bib/conf/colt/AudibertB09},
  bibsource = {dblp computer science bibliography, http://dblp.org}
}

@article{abbasi2011improved,
  author    = {Yasin Abbasi{-}Yadkori and
               D{\'{a}}vid P{\'{a}}l and
               Csaba Szepesv{\'{a}}ri},
  title     = {Improved Algorithms for Linear Stochastic Bandits},
  journal = {Advances in Neural Information Processing Systems 24: 25th Annual
               Conference on Neural Information Processing Systems 2011. Proceedings
               of a meeting held 12-14 December 2011, Granada, Spain.},
  pages     = {2312--2320},
  year      = {2011},
  url = {https://sites.ualberta.ca/~szepesva/papers/linear-bandits-NIPS2011.pdf},
  timestamp = {Thu, 11 Dec 2014 17:34:08 +0100},
  biburl    = {http://dblp.org/rec/bib/conf/nips/Abbasi-YadkoriPS11},
  bibsource = {dblp computer science bibliography, http://dblp.org}
}


@article{agrawal2011analysis,
  author    = {Shipra Agrawal and
               Navin Goyal},
  title     = {Analysis of Thompson Sampling for the multi-armed bandit problem},
  journal   = {CoRR},
  volume    = {abs/1111.1797},
  year      = {2011},
  url       = {http://arxiv.org/abs/1111.1797},
  archivePrefix = {arXiv},
  eprint    = {1111.1797},
  timestamp = {Thu, 28 Dec 2017 16:02:42 +0100},
  biburl    = {http://dblp.org/rec/bib/journals/corr/abs-1111-1797},
  bibsource = {dblp computer science bibliography, http://dblp.org}
}

@article{bubeck2011pure,
  title={Pure exploration in finitely-armed and continuous-armed bandits},
  author={Bubeck, S{\'e}bastien and Munos, R{\'e}mi and Stoltz, Gilles},
  journal={Theoretical Computer Science},
  volume={412},
  number={19},
  pages={1832--1852},
  year={2011},
  publisher={Elsevier},
  url       = {https://doi.org/10.1016/j.tcs.2010.12.059},
  doi       = {10.1016/j.tcs.2010.12.059},
  timestamp = {Sun, 28 May 2017 13:19:59 +0200},
  biburl    = {http://dblp.org/rec/bib/journals/tcs/BubeckMS11},
  bibsource = {dblp computer science bibliography, http://dblp.org}
}



@article{gabillon2011multi,
  author    = {Victor Gabillon and
               Mohammad Ghavamzadeh and
               Alessandro Lazaric and
               S{\'{e}}bastien Bubeck},
  editor    = {John Shawe{-}Taylor and
               Richard S. Zemel and
               Peter L. Bartlett and
               Fernando C. N. Pereira and
               Kilian Q. Weinberger},
  title     = {Multi-Bandit Best Arm Identification},
  journal = {25th Annual
               Conference on Neural Information Processing Systems 2011. Proceedings
               of a meeting held 12-14 December 2011, Granada, Spain.},
  pages     = {2222--2230},
  year      = {2011},
  url       = {http://papers.nips.cc/paper/4478-multi-bandit-best-arm-identification},
  timestamp = {Thu, 11 Dec 2014 17:34:08 +0100},
  biburl    = {http://dblp.org/rec/bib/conf/nips/GabillonGLB11},
  bibsource = {dblp computer science bibliography, http://dblp.org}
}


@article{gabillon2012best,
  author    = {Victor Gabillon and
               Mohammad Ghavamzadeh and
               Alessandro Lazaric},
  editor    = {Peter L. Bartlett and
               Fernando C. N. Pereira and
               Christopher J. C. Burges and
               L{\'{e}}on Bottou and
               Kilian Q. Weinberger},
  title     = {Best Arm Identification: {A} Unified Approach to Fixed Budget and
               Fixed Confidence},
  journal = {26th Annual
               Conference on Neural Information Processing Systems 2012. Proceedings
               of a meeting held December 3-6, 2012, Lake Tahoe, Nevada, United States.},
  pages     = {3221--3229},
  year      = {2012},
  url 		= {http://citeseerx.ist.psu.edu/viewdoc/download?doi=10.1.1.420.6716&rep=rep1&type=pdf},
  timestamp = {Thu, 11 Dec 2014 17:34:07 +0100},
  biburl    = {http://dblp.org/rec/bib/conf/nips/GabillonGL12},
  bibsource = {dblp computer science bibliography, http://dblp.org}
}


@article{kalyanakrishnan2012pac,
  author    = {Shivaram Kalyanakrishnan and
               Ambuj Tewari and
               Peter Auer and
               Peter Stone},
  title     = {{PAC} Subset Selection in Stochastic Multi-armed Bandits},
  journal = {Proceedings of the 29th International Conference on Machine Learning,
               {ICML} 2012, Edinburgh, Scotland, UK, June 26 - July 1, 2012},
  publisher = {icml.cc / Omnipress},
  year      = {2012},
  url       = {http://icml.cc/2012/papers/359.pdf},
  timestamp = {Wed, 29 Mar 2017 16:45:25 +0200},
  biburl    = {http://dblp.org/rec/bib/conf/icml/KalyanakrishnanTAS12},
  bibsource = {dblp computer science bibliography, http://dblp.org}
}

@article{bubeck2013multiple,
  author    = {S{\'{e}}bastien Bubeck and
               Tengyao Wang and
               Nitin Viswanathan},
  title     = {Multiple Identifications in Multi-Armed Bandits},
  journal = {Proceedings of the 30th International Conference on Machine Learning,
               {ICML} 2013, Atlanta, GA, USA, 16-21 June 2013},
  series    = {{JMLR} Workshop and Conference Proceedings},
  volume    = {28},
  pages     = {258--265},
  publisher = {JMLR.org},
  year      = {2013},
  url       = {http://jmlr.org/proceedings/papers/v28/bubeck13.html},
  timestamp = {Wed, 29 Mar 2017 16:45:25 +0200},
  biburl    = {http://dblp.org/rec/bib/conf/icml/BubeckWV13},
  bibsource = {dblp computer science bibliography, http://dblp.org}
}


@article{chen2014combinatorial,
  author    = {Shouyuan Chen and
               Tian Lin and
               Irwin King and
               Michael R. Lyu and
               Wei Chen},
  editor    = {Zoubin Ghahramani and
               Max Welling and
               Corinna Cortes and
               Neil D. Lawrence and
               Kilian Q. Weinberger},
  title     = {Combinatorial Pure Exploration of Multi-Armed Bandits},
  journal = {27th Annual Conference
               on Neural Information Processing Systems 2014, December 8-13 2014,
               Montreal, Quebec, Canada},
  pages     = {379--387},
  year      = {2014},
  url       = {http://papers.nips.cc/paper/5433-combinatorial-pure-exploration-of-multi-armed-bandits},
  timestamp = {Wed, 10 Dec 2014 21:34:12 +0100},
  biburl    = {http://dblp.org/rec/bib/conf/nips/ChenLKLC14},
  bibsource = {dblp computer science bibliography, http://dblp.org}
}


@article{locatelli2016optimal,
  author    = {Andrea Locatelli and
               Maurilio Gutzeit and
               Alexandra Carpentier},
  editor    = {Maria{-}Florina Balcan and
               Kilian Q. Weinberger},
  title     = {An optimal algorithm for the Thresholding Bandit Problem},
  journal = {Proceedings of the 33nd International Conference on Machine Learning,
               {ICML} 2016, NY, USA, June 19-24, 2016},
  series    = {{JMLR} Workshop and Conference Proceedings},
  volume    = {48},
  pages     = {1690--1698},
  publisher = {JMLR.org},
  year      = {2016},
  url       = {http://jmlr.org/proceedings/papers/v48/locatelli16.html},
  timestamp = {Tue, 12 Jul 2016 21:51:16 +0200},
  biburl    = {http://dblp.org/rec/bib/conf/icml/LocatelliGC16},
  bibsource = {dblp computer science bibliography, http://dblp.org}
}



@article{tolpin2012mcts,
  author    = {David Tolpin and
               Solomon Eyal Shimony},
  title     = {{MCTS} Based on Simple Regret},
  journal = {Proceedings of the Twenty-Sixth {AAAI} Conference on Artificial Intelligence,
               July 22-26, 2012, Toronto, Ontario, Canada.},
  year      = {2012},
  url       = {http://www.aaai.org/ocs/index.php/AAAI/AAAI12/paper/view/4798},
  timestamp = {Thu, 31 Jul 2014 11:17:14 +0200},
  biburl    = {http://dblp.org/rec/bib/conf/aaai/TolpinS12},
  bibsource = {dblp computer science bibliography, http://dblp.org}
}


@article{jamieson2014best,
  author    = {Kevin G. Jamieson and
               Robert D. Nowak},
  title     = {Best-arm identification algorithms for multi-armed bandits in the
               fixed confidence setting},
  journal = {48th Annual Conference on Information Sciences and Systems, {CISS} 2014, Princeton, NJ, USA, March 19-21, 2014},
  pages     = {1--6},
  year      = {2014},
  url       = {https://doi.org/10.1109/CISS.2014.6814096},
  doi       = {10.1109/CISS.2014.6814096},
  timestamp = {Fri, 19 May 2017 01:25:12 +0200},
  biburl    = {http://dblp.org/rec/bib/conf/ciss/JamiesonN14},
  bibsource = {dblp computer science bibliography, http://dblp.org}
}





@article{abernethy2016threshold,
  author    = {Jacob D. Abernethy and
               Kareem Amin and
               Ruihao Zhu},
  editor    = {Daniel D. Lee and
               Masashi Sugiyama and
               Ulrike von Luxburg and
               Isabelle Guyon and
               Roman Garnett},
  title     = {Threshold Bandits, With and Without Censored Feedback},
  journal = {29th Annual Conference
               on Neural Information Processing Systems 2016, December 5-10, 2016,
               Barcelona, Spain},
  pages     = {4889--4897},
  year      = {2016},
  url       = {http://papers.nips.cc/paper/6149-threshold-bandits-with-and-without-censored-feedback},
  timestamp = {Fri, 03 Mar 2017 14:59:41 +0100},
  biburl    = {http://dblp.org/rec/bib/conf/nips/AbernethyAZ16},
  bibsource = {dblp computer science bibliography, http://dblp.org}
}



@article{mannor2004sample,
  title={The sample complexity of exploration in the multi-armed bandit problem},
  author={Mannor, Shie and Tsitsiklis, John N},
  journal={Journal of Machine Learning Research},
  volume={5},
  number={Jun},
  pages={623--648},
  year={2004},
  url       = {http://www.ai.mit.edu/projects/jmlr/papers/volume5/mannor04b/mannor04b.pdf},
  timestamp = {Tue, 16 Apr 2013 15:50:01 +0200},
  biburl    = {http://dblp.org/rec/bib/journals/jmlr/MannorT04},
  bibsource = {dblp computer science bibliography, http://dblp.org}
}


@article{auer2002using,
  title={Using confidence bounds for exploitation-exploration trade-offs},
  author={Auer, Peter},
  journal={Journal of Machine Learning Research},
  volume={3},
  number={Nov},
  pages={397--422},
  year={2002},
  url       = {http://www.jmlr.org/papers/v3/auer02a.html},
  timestamp = {Thu, 05 Feb 2004 13:43:02 +0100},
  biburl    = {http://dblp.org/rec/bib/journals/jmlr/Auer02},
  bibsource = {dblp computer science bibliography, http://dblp.org}
}

@article{slivkins2014contextual,
  title={Contextual bandits with similarity information.},
  author={Slivkins, Aleksandrs},
  journal={Journal of Machine Learning Research},
  volume={15},
  number={1},
  pages={2533--2568},
  year={2014},
  url       = {http://dl.acm.org/citation.cfm?id=2670330},
  timestamp = {Sun, 05 Oct 2014 12:54:58 +0200},
  biburl    = {http://dblp.org/rec/bib/journals/jmlr/Slivkins14},
  bibsource = {dblp computer science bibliography, http://dblp.org}
}


@article{bui2012clustered,
  author    = {Loc Bui and
               Ramesh Johari and
               Shie Mannor},
  title     = {Clustered Bandits},
  journal   = {CoRR},
  volume    = {abs/1206.4169},
  year      = {2012},
  url       = {http://arxiv.org/abs/1206.4169},
  archivePrefix = {arXiv},
  eprint    = {1206.4169},
  timestamp = {Wed, 07 Jun 2017 14:42:04 +0200},
  biburl    = {http://dblp.org/rec/bib/journals/corr/abs-1206-4169},
  bibsource = {dblp computer science bibliography, http://dblp.org}
}


@article{cesa2013gang,
  author    = {Nicol{\`{o}} Cesa{-}Bianchi and
               Claudio Gentile and
               Giovanni Zappella},
  title     = {A Gang of Bandits},
  journal = {Advances in Neural Information Processing Systems 26: 27th Annual
               Conference on Neural Information Processing Systems 2013. Proceedings
               of a meeting held December 5-8, 2013, Lake Tahoe, Nevada, United States.},
  pages     = {737--745},
  year      = {2013},
  url       = {http://papers.nips.cc/paper/5006-a-gang-of-bandits},
  timestamp = {Fri, 31 Jan 2014 12:11:40 +0100},
  biburl    = {http://dblp.org/rec/bib/conf/nips/Cesa-BianchiGZ13},
  bibsource = {dblp computer science bibliography, http://dblp.org}
}



@article{gentile2014online,
  author    = {Claudio Gentile and
               Shuai Li and
               Giovanni Zappella},
  title     = {Online Clustering of Bandits},
  journal = {Proceedings of the 31th International Conference on Machine Learning,
               {ICML} 2014, Beijing, China, 21-26 June 2014},
  series    = {{JMLR} Workshop and Conference Proceedings},
  volume    = {32},
  pages     = {757--765},
  publisher = {JMLR.org},
  year      = {2014},
  url       = {http://jmlr.org/proceedings/papers/v32/gentile14.html},
  timestamp = {Wed, 29 Mar 2017 16:45:25 +0200},
  biburl    = {http://dblp.org/rec/bib/conf/icml/GentileLZ14},
  bibsource = {dblp computer science bibliography, http://dblp.org}
}


@article{kaufmann2012bayesian,
  author    = {Emilie Kaufmann and
               Olivier Capp{\'{e}} and
               Aur{\'{e}}lien Garivier},
  editor    = {Neil D. Lawrence and
               Mark A. Girolami},
  title     = {On Bayesian Upper Confidence Bounds for Bandit Problems},
  journal = {Proceedings of the Fifteenth International Conference on Artificial
               Intelligence and Statistics, {AISTATS} 2012, La Palma, Canary Islands,
               April 21-23, 2012},
  series    = {{JMLR} Proceedings},
  volume    = {22},
  pages     = {592--600},
  publisher = {JMLR.org},
  year      = {2012},
  url       = {http://jmlr.csail.mit.edu/proceedings/papers/v22/kaufmann12.html},
  timestamp = {Fri, 08 Apr 2016 07:34:34 +0200},
  biburl    = {http://dblp.org/rec/bib/journals/jmlr/KaufmannCG12},
  bibsource = {dblp computer science bibliography, http://dblp.org}
}


@article{hillel2013distributed,
  author    = {Eshcar Hillel and
               Zohar Shay Karnin and
               Tomer Koren and
               Ronny Lempel and
               Oren Somekh},
  title     = {Distributed Exploration in Multi-Armed Bandits},
  journal = {Advances in Neural Information Processing Systems 26: 27th Annual
               Conference on Neural Information Processing Systems 2013. Proceedings
               of a meeting held December 5-8, 2013, Lake Tahoe, Nevada, United States.},
  pages     = {854--862},
  year      = {2013},
  url       = {http://papers.nips.cc/paper/4919-distributed-exploration-in-multi-armed-bandits},
  timestamp = {Fri, 31 Jan 2014 12:11:40 +0100},
  biburl    = {http://dblp.org/rec/bib/conf/nips/HillelKKLS13},
  bibsource = {dblp computer science bibliography, http://dblp.org}
}



@article{awerbuch2008competitive,
  author    = {Baruch Awerbuch and
               Robert Kleinberg},
  title     = {Competitive collaborative learning},
  journal   = {J. Comput. Syst. Sci.},
  volume    = {74},
  number    = {8},
  pages     = {1271--1288},
  year      = {2008},
  url       = {https://doi.org/10.1016/j.jcss.2007.08.004},
  doi       = {10.1016/j.jcss.2007.08.004},
  timestamp = {Sat, 20 May 2017 00:25:52 +0200},
  biburl    = {http://dblp.org/rec/bib/journals/jcss/AwerbuchK08a},
  bibsource = {dblp computer science bibliography, http://dblp.org}
}


@article{liu2010distributed,
  author    = {Keqin Liu and
               Qing Zhao},
  title     = {Distributed learning in multi-armed bandit with multiple players},
  journal   = {{IEEE} Trans. Signal Processing},
  volume    = {58},
  number    = {11},
  pages     = {5667--5681},
  year      = {2010},
  url       = {https://doi.org/10.1109/TSP.2010.2062509},
  doi       = {10.1109/TSP.2010.2062509},
  timestamp = {Thu, 18 May 2017 09:55:22 +0200},
  biburl    = {http://dblp.org/rec/bib/journals/tsp/LiuZ10},
  bibsource = {dblp computer science bibliography, http://dblp.org}
}


@article{szorenyi2013gossip,
  author    = {Bal{\'{a}}zs Sz{\"{o}}r{\'{e}}nyi and
               R{\'{o}}bert Busa{-}Fekete and
               Istv{\'{a}}n Heged{\"{u}}s and
               R{\'{o}}bert Orm{\'{a}}ndi and
               M{\'{a}}rk Jelasity and
               Bal{\'{a}}zs K{\'{e}}gl},
  title     = {Gossip-based distributed stochastic bandit algorithms},
  journal = {Proceedings of the 30th International Conference on Machine Learning,
               {ICML} 2013, Atlanta, GA, USA, 16-21 June 2013},
  pages     = {19--27},
  year      = {2013},
  url       = {http://jmlr.org/proceedings/papers/v28/szorenyi13.html},
  timestamp = {Wed, 29 Mar 2017 16:45:25 +0200},
  biburl    = {http://dblp.org/rec/bib/conf/icml/SzorenyiBHOJK13},
  bibsource = {dblp computer science bibliography, http://dblp.org}
}

@article{freund1995desicion,
  title={A desicion-theoretic generalization of on-line learning and an application to boosting},
  author={Freund, Yoav and Schapire, Robert E},
  journal={European conference on computational learning theory},
  pages={23--37},
  year={1995},
  organization={Springer}
}


@article{littlestone1994weighted,
  author    = {Nick Littlestone and
               Manfred K. Warmuth},
  title     = {The Weighted Majority Algorithm},
  journal   = {Inf. Comput.},
  volume    = {108},
  number    = {2},
  pages     = {212--261},
  year      = {1994},
  url       = {https://doi.org/10.1006/inco.1994.1009},
  doi       = {10.1006/inco.1994.1009},
  timestamp = {Thu, 18 May 2017 09:54:22 +0200},
  biburl    = {http://dblp.org/rec/bib/journals/iandc/LittlestoneW94},
  bibsource = {dblp computer science bibliography, http://dblp.org}
}

@article{auer1995gambling,
  author    = {Peter Auer and
               Nicol{\`{o}} Cesa{-}Bianchi and
               Yoav Freund and
               Robert E. Schapire},
  title     = {Gambling in a rigged casino: The adversarial multi-armed bandit problem},
  journal   = {Electronic Colloquium on Computational Complexity {(ECCC)}},
  volume    = {7},
  number    = {68},
  year      = {2000},
  url       = {http://eccc.hpi-web.de/eccc-reports/2000/TR00-068/index.html},
  timestamp = {Thu, 08 Jun 2017 14:26:48 +0200},
  biburl    = {http://dblp.org/rec/bib/journals/eccc/ECCC-TR00-068},
  bibsource = {dblp computer science bibliography, http://dblp.org}
}


@article{kocak2014efficient,
  author    = {Tom{\'{a}}{\v{s}} Koc{\'{a}}k and
               Gergely Neu and
               Michal Valko and
               R{\'{e}}mi Munos},
  title     = {Efficient learning by implicit exploration in bandit problems with
               side observations},
  journal = {Advances in Neural Information Processing Systems 27: Annual Conference
               on Neural Information Processing Systems 2014, December 8-13 2014,
               Montreal, Quebec, Canada},
  pages     = {613--621},
  year      = {2014},
  url       = {http://cs.bme.hu/~gergo/files/KNVM14.pdf},
  timestamp = {Wed, 10 Dec 2014 21:34:12 +0100},
  biburl    = {http://dblp.org/rec/bib/conf/nips/KocakNVM14},
  bibsource = {dblp computer science bibliography, http://dblp.org}
}


@article{kocsis2006discounted,
  title={Discounted ucb},
  author={Kocsis, Levente and Szepesv{\'a}ri, Csaba},
  journal={2nd PASCAL Challenges Workshop},
  pages={784--791},
  year={2006}
}

@article{hartland2007change,
  title={Change point detection and meta-bandits for online learning in dynamic environments},
  author={Hartland, C{\'e}dric and Baskiotis, Nicolas and Gelly, Sylvain and Sebag, Michele and Teytaud, Olivier},
  journal={CAp},
  pages={237--250},
  year={2007}
}


@article{yu2009piecewise,
  author    = {Jia Yuan Yu and
               Shie Mannor},
  title     = {Piecewise-stationary bandit problems with side observations},
  journal = {Proceedings of the 26th Annual International Conference on Machine
               Learning, {ICML} 2009, Montreal, Quebec, Canada, June 14-18, 2009},
  pages     = {1177--1184},
  year      = {2009},
  url       = {http://doi.acm.org/10.1145/1553374.1553524},
  doi       = {10.1145/1553374.1553524},
  timestamp = {Mon, 29 Sep 2014 17:13:49 +0200},
  biburl    = {http://dblp.org/rec/bib/conf/icml/YuM09},
  bibsource = {dblp computer science bibliography, http://dblp.org}
}



@article{garivier2011upper,
  author    = {Aur{\'{e}}lien Garivier and
               Eric Moulines},
  editor    = {Jyrki Kivinen and
               Csaba Szepesv{\'{a}}ri and
               Esko Ukkonen and
               Thomas Zeugmann},
  title     = {On Upper-Confidence Bound Policies for Switching Bandit Problems},
  journal = {Algorithmic Learning Theory - 22nd International Conference, {ALT} 2011, Espoo, Finland, October 5-7, 2011. Proceedings},
  series    = {Lecture Notes in Computer Science},
  volume    = {6925},
  pages     = {174--188},
  publisher = {Springer},
  year      = {2011},
  url       = {https://doi.org/10.1007/978-3-642-24412-4_16},
  doi       = {10.1007/978-3-642-24412-4_16},
  timestamp = {Sat, 16 Sep 2017 12:08:04 +0200},
  biburl    = {http://dblp.org/rec/bib/conf/alt/GarivierM11},
  bibsource = {dblp computer science bibliography, http://dblp.org}
}


@book{devroye2013probabilistic,
  title={A probabilistic theory of pattern recognition},
  author={Devroye, Luc and Gy{\"o}rfi, L{\'a}szl{\'o} and Lugosi, G{\'a}bor},
  volume={31},
  year={2013},
  publisher={Springer Science \& Business Media}
}


@article{mellor2013thompson,
  author    = {Joseph Charles Mellor and
               Jonathan Shapiro},
  title     = {Thompson Sampling in Switching Environments with Bayesian Online Change
               Point Detection},
  journal   = {CoRR},
  volume    = {abs/1302.3721},
  year      = {2013},
  url       = {http://arxiv.org/abs/1302.3721},
  archivePrefix = {arXiv},
  eprint    = {1302.3721},
  timestamp = {Wed, 07 Jun 2017 14:41:52 +0200},
  biburl    = {http://dblp.org/rec/bib/journals/corr/abs-1302-3721},
  bibsource = {dblp computer science bibliography, http://dblp.org}
}

@article{DBLP:journals/corr/BesbesGZ14,
  author    = {Omar Besbes and
               Yonatan Gur and
               Assaf J. Zeevi},
  title     = {Optimal Exploration-Exploitation in a Multi-Armed-Bandit Problem with
               Non-stationary Rewards},
  journal   = {CoRR},
  volume    = {abs/1405.3316},
  year      = {2014},
  url       = {http://arxiv.org/abs/1405.3316},
  archivePrefix = {arXiv},
  eprint    = {1405.3316},
  timestamp = {Wed, 07 Jun 2017 14:40:10 +0200},
  biburl    = {http://dblp.org/rec/bib/journals/corr/BesbesGZ14},
  bibsource = {dblp computer science bibliography, http://dblp.org}
}


@article{allesiardo2017non,
  author    = {Robin Allesiardo and
               Rapha{\"{e}}l F{\'{e}}raud and
               Odalric{-}Ambrym Maillard},
  title     = {The non-stationary stochastic multi-armed bandit problem},
  journal   = {International Journal of Data Science and Analytics},
  volume    = {3},
  number    = {4},
  pages     = {267--283},
  year      = {2017},
  url       = {https://doi.org/10.1007/s41060-017-0050-5},
  doi       = {10.1007/s41060-017-0050-5},
  timestamp = {Thu, 28 Dec 2017 16:10:55 +0100},
  biburl    = {http://dblp.org/rec/bib/journals/ijdsa/AllesiardoFM17},
  bibsource = {dblp computer science bibliography, http://dblp.org}
}


@article{raj2017taming,
  author    = {Vishnu Raj and
               Sheetal Kalyani},
  title     = {Taming Non-stationary Bandits: {A} Bayesian Approach},
  journal   = {CoRR},
  volume    = {abs/1707.09727},
  year      = {2017},
  url       = {http://arxiv.org/abs/1707.09727},
  archivePrefix = {arXiv},
  eprint    = {1707.09727},
  timestamp = {Sat, 05 Aug 2017 14:56:19 +0200},
  biburl    = {http://dblp.org/rec/bib/journals/corr/RajK17},
  bibsource = {dblp computer science bibliography, http://dblp.org}
}



@article{liu2017change,
  author    = {Fang Liu and
               Joohyun Lee and
               Ness B. Shroff},
  title     = {A Change-Detection based Framework for Piecewise-stationary Multi-Armed
               Bandit Problem},
  journal   = {CoRR},
  volume    = {abs/1711.03539},
  year      = {2017},
  url       = {http://arxiv.org/abs/1711.03539},
  archivePrefix = {arXiv},
  eprint    = {1711.03539},
  timestamp = {Fri, 01 Dec 2017 14:22:24 +0100},
  biburl    = {http://dblp.org/rec/bib/journals/corr/abs-1711-03539},
  bibsource = {dblp computer science bibliography, http://dblp.org}
}


@article{degenne2016anytime,
  author    = {R{\'{e}}my Degenne and
               Vianney Perchet},
  title     = {Anytime optimal algorithms in stochastic multi-armed bandits},
  journal = {Proceedings of the 33nd International Conference on Machine Learning,
               {ICML} 2016, New York City, NY, USA, June 19-24, 2016},
  pages     = {1587--1595},
  year      = {2016},
  url       = {http://jmlr.org/proceedings/papers/v48/degenne16.html},
  timestamp = {Tue, 12 Jul 2016 21:51:16 +0200},
  biburl    = {http://dblp.org/rec/bib/conf/icml/DegenneP16},
  bibsource = {dblp computer science bibliography, http://dblp.org}
}

@article{lattimore2016regret,
  author    = {Tor Lattimore},
  title     = {Regret Analysis of the Anytime Optimally Confident {UCB} Algorithm},
  journal   = {CoRR},
  volume    = {abs/1603.08661},
  year      = {2016},
  url       = {http://arxiv.org/abs/1603.08661},
  archivePrefix = {arXiv},
  eprint    = {1603.08661},
  timestamp = {Wed, 07 Jun 2017 14:42:59 +0200},
  biburl    = {http://dblp.org/rec/bib/journals/corr/Lattimore16},
  bibsource = {dblp computer science bibliography, http://dblp.org}
}


@article{menard2017minimax,
  author    = {Pierre M{\'{e}}nard and
               Aur{\'{e}}lien Garivier},
  title     = {A minimax and asymptotically optimal algorithm for stochastic bandits},
  journal = {International Conference on Algorithmic Learning Theory, {ALT} 2017,
               15-17 October 2017, Kyoto University, Kyoto, Japan},
  series    = {Proceedings of Machine Learning Research},
  volume    = {76},
  pages     = {223--237},
  publisher = {{PMLR}},
  year      = {2017},
  url       = {http://proceedings.mlr.press/v76/m%C3%A9nard17a.html},
  timestamp = {Tue, 12 Dec 2017 14:10:47 +0100},
  biburl    = {http://dblp.org/rec/bib/conf/alt/MenardG17},
  bibsource = {dblp computer science bibliography, http://dblp.org}
}

@article{kano2017good,
  title={Good Arm Identification via Bandit Feedback},
  author={Kano, Hideaki and Honda, Junya and Sakamaki, Kentaro and Matsuura, Kentaro and Nakamura, Atsuyoshi and Sugiyama, Masashi},
  journal={arXiv preprint arXiv:1710.06360},
  year={2017}
}


@article{cesa2012combinatorial,
  author    = {Nicol{\`{o}} Cesa{-}Bianchi and
               G{\'{a}}bor Lugosi},
  title     = {Combinatorial bandits},
  journal   = {J. Comput. Syst. Sci.},
  volume    = {78},
  number    = {5},
  pages     = {1404--1422},
  year      = {2012},
  url       = {https://doi.org/10.1016/j.jcss.2012.01.001},
  doi       = {10.1016/j.jcss.2012.01.001},
  timestamp = {Tue, 06 Jun 2017 22:27:35 +0200},
  biburl    = {http://dblp.org/rec/bib/journals/jcss/Cesa-BianchiL12},
  bibsource = {dblp computer science bibliography, http://dblp.org}
}
